[
    {
        "totalSales": 4764.2,
        "quarter": "2020-Q1"
    },
    {
        "totalSales": 6047.599999999999,
        "quarter": "2020-Q2"
    },
    {
        "totalSales": 8915,
        "quarter": "2020-Q3"
    },
    {
        "totalSales": 12327.4,
        "quarter": "2020-Q4"
    },
    {
        "totalSales": 8311.8,
        "quarter": "2021-Q1"
    },
    {
        "totalSales": 11794,
        "quarter": "2021-Q2"
    },
    {
        "totalSales": 3579.1,
        "quarter": "2021-Q3"
    },
    {
        "totalSales": 22765.4,
        "quarter": "2021-Q4"
    },
    {
        "totalSales": 6827.2,
        "quarter": "2022-Q1"
    },
    {
        "totalSales": 15266.2,
        "quarter": "2022-Q2"
    },
    {
        "totalSales": 17264,
        "quarter": "2022-Q3"
    },
    {
        "totalSales": 5454.3,
        "quarter": "2022-Q4"
    },
    {
        "totalSales": 7289.5,
        "quarter": "2023-Q1"
    },
    {
        "totalSales": 2658,
        "quarter": "2023-Q2"
    },
    {
        "totalSales": 3746.8,
        "quarter": "2023-Q3"
    },
    {
        "totalSales": 3050.8,
        "quarter": "2023-Q4"
    },
    {
        "totalSales": 13291.800000000001,
        "quarter": "2024-Q1"
    },
    {
        "totalSales": 7279.9,
        "quarter": "2024-Q2"
    },
    {
        "totalSales": 5165.9,
        "quarter": "2024-Q3"
    },
    {
        "totalSales": 3220,
        "quarter": "2024-Q4"
    }
]
